@techreport{NormanMathsStudents,
    title = {{'Maths Anxiety' in Secondary School Students}},
    author = {Norman, Jessica},
    url = {http://www.radstats.org.uk/no105/Norman105.pdf}
}

@misc{mitterdoo201714YouTube,
    title = {{(14) What is Base64? - YouTube}},
    year = {2017},
    author = {{mitterdoo}},
    url = {https://www.youtube.com/watch?v=8qkxeZmKmOY}
}

@misc{PDFDisability,
    title = {{(PDF) Is math anxiety a mathematical learning disability?}},
    url = {https://www.researchgate.net/publication/286631498_Is_math_anxiety_a_mathematical_learning_disability}
}

@misc{1WyWFEbL1gWY_HjB_9t5PPQ.png800x450,
    title = {{1*WyWFEbL1gWY{\_}HjB{\_}9t5PPQ.png (800x450)}},
    url = {https://miro.medium.com/max/854/1*WyWFEbL1gWY_HjB_9t5PPQ.png}
}

@misc{3.4.2Arbejdsrum,
    title = {{3.4.2 Arbejdsrum}},
    booktitle = {Bygningsreglementet.dk},
    url = {https://historisk.bygningsreglementet.dk/br15_03_id62/0/42}
}

@misc{3.4.2Arbejdsrumb,
    title = {{3.4.2 Arbejdsrum}},
    url = {https://historisk.bygningsreglementet.dk/br15_03_id62/0/42/}
}

@misc{Furniss20177Chatbot,
    title = {{7 Characteristics of a Great Chatbot}},
    year = {2017},
    booktitle = {Bluewolf},
    author = {Furniss, Bob},
    url = {https://www.bluewolf.com/bluewolf-now/7-characteristics-great-chatbot}
}

@misc{Plapinger2017AScience,
    title = {{A Beginners Guide to Natural Language Processing – Towards Data Science}},
    year = {2017},
    booktitle = {Medium},
    author = {Plapinger, Thomas},
    url = {https://towardsdatascience.com/a-beginners-guide-to-natural-language-processing-e21e3e016f84}
}

@misc{Singh2018AIFutureHold,
    title = {{AI and Chatbots in Education: What Does The FutureHold?}},
    year = {2018},
    booktitle = {Chatbotmagazine},
    author = {Singh, Robin},
    url = {https://chatbotsmagazine.com/ai-and-chatbots-in-education-what-does-the-futurehold-9772f5c13960}
}

@techreport{KnillAnEducation,
    title = {{An artificial intelligence experiment in college math education}},
    author = {Knill, Oliver and Carlsson, Johnny and Chi, Andrew and Lezama, Mark},
    url = {http://www.math.harvard.edu/~knill/preprints/sofia.pdf}
}

@misc{Seif2018AnProcessing,
    title = {{An easy introduction to Natural Language Processing}},
    year = {2018},
    author = {Seif, George},
    url = {https://towardsdatascience.com/an-easy-introduction-to-natural-language-processing-b1e2801291c1}
}

@misc{AppzestChatbot,
    title = {{Appzest — SolveKaro – Math solver chatbot}},
    url = {http://appzest.com/products/solvekaro}
}

@misc{Psych.utorontoArtificialTest,
    title = {{Artificial Intelligence | The Turing Test}},
    author = {{Psych.utoronto}},
    url = {http://www.psych.utoronto.ca/users/reingold/courses/ai/turing.html}
}

@article{SpierelingBeyondCompanions,
    title = {{Beyond Virtual Tutors{\_} Semi-Autonomous Characters as Learning Companions}},
    author = {Spiereling, Ulrike},
    url = {http://delivery.acm.org/10.1145/1190000/1187365/p5-spierling.pdf?ip=130.225.198.198&id=1187365&acc=ACTIVE SERVICE&key=36332CD97FA87885.1DDFD8390336D738.4D4702B0C3E38B35.4D4702B0C3E38B35&__acm__=1549961369_d162d765209236e95378287aaad06da1}
}

@misc{GeorgefomitchevChatBotsEnduranceRobots,
    title = {{ChatBots for Senior People and Patients with Alzheimer’s Disease - EnduranceRobots}},
    author = {{George fomitchev}},
    url = {http://endurancerobots.com/azbnmaterial/chatbots-for-senior-people-and-patients-with-alzheimer-s-disease/}
}

@misc{Rampell2009ClassTimes,
    title = {{Class Size Around the World - The New York Times}},
    year = {2009},
    booktitle = {Economix},
    author = {Rampell, Catherine},
    url = {https://economix.blogs.nytimes.com/2009/09/11/class-size-around-the-world/}
}

@techreport{J.RussWhitehurst2011ClassPolicy,
    title = {{Class Size: What Research Says and What it Means for State Policy}},
    year = {2011},
    author = {J. "Russ" Whitehurst, Grover and M. Chingos, Matthew and Chingos, Matthew M and Ayres, Bruce},
    url = {https://www.brookings.edu/wp-content/uploads/2016/06/0511_class_size_whitehurst_chingos.pdf}
}

@misc{Dillon2011ClassTimes,
    title = {{Class Sizes Rise as Budgets Are Cut - The New York Times}},
    year = {2011},
    booktitle = {The New York Times},
    author = {Dillon, Sam},
    url = {https://www.nytimes.com/2011/03/07/education/07classrooms.html}
}

@misc{CognitiveEdCircuit,
    title = {{Cognitive Skills and Math | edCircuit}},
    url = {https://www.edcircuit.com/cognitive-skills-math/}
}

@techreport{Rasmussen2013CompetenceHotel,
    title = {{Competence goal-driven education in school and teacher education Keynote lecture International Conference on Learning and Teaching 2013: Transforming Learning and Teaching to Meet the Challenges of 21 st Century Education, Grand Bluewave Hotel}},
    year = {2013},
    author = {Rasmussen, Jens},
    pages = {14},
    url = {http://pure.au.dk/portal/files/68371248/Competence_goal_driven_education_KL030713.pdf}
}

@misc{DemoAPI,
    title = {{demo | Entity Extraction: find places, people, brands, and events in documents and social media | Dandelion API}},
    url = {https://dandelion.eu/semantic-text/entity-extraction-demo/?text=The+Mona+Lisa+is+a+16th+century+oil+painting+created+by+Leonardo.+It%27s+held+at+the+Louvre+in+Paris.&lang=auto&min_confidence=0&exec=true#results}
}

@techreport{Shawar2007DifferentSystem,
    title = {{Different measurements metrics to evaluate a chatbot system}},
    year = {2007},
    author = {Shawar, Bayan Abu and Atwell, Eric},
    pages = {8},
    url = {https://dl.acm.org/citation.cfm?id=1556341&fbclid=IwAR2xpDwQGsySSxtkxXIvw3PAs99puWJyi1L9uLGfdkzN_AMIqf8RXZCJrJ8},
    institution = {IT Department, School of Computing},
    address = {New York}
}

@misc{DiscordDownloads,
    title = {{Discord - Downloads}},
    url = {https://discordapp.com/download}
}

@article{Alexander2001E-learningServices,
    title = {{E-learning technology, content and services}},
    year = {2001},
    journal = {Industrial and Commercial Training},
    author = {Alexander, Shirley},
    number = {5},
    pages = {249--255},
    volume = {43},
    url = {https://www.emeraldinsight.com/doi/pdfplus/10.1108/00400910110399247},
    doi = {10.1108/00400910110399247}
}

@article{Borland2010EducationAchievement,
    title = {{Education Economics An investigation of the effect of class size on student academic achievement}},
    year = {2010},
    author = {Borland, Melvin V and Howsen, Roy M and Trawick, Michelle W},
    url = {https://www.tandfonline.com/action/journalInformation?journalCode=cede20},
    doi = {10.1080/0964529042000325216},
    issn = {1469-5782}
}

@misc{EducationDictionaries,
    title = {{education | Definition of education in English by Oxford Dictionaries}},
    booktitle = {Oxford online english dictionary},
    url = {https://en.oxforddictionaries.com/definition/education}
}

@article{CooperElicitingPractices,
    title = {{Eliciting Engagement in the High School Classroom: A Mixed-Methods Examination of Teaching Practices}},
    author = {Cooper, Kristy S},
    url = {https://journals.sagepub.com/doi/pdf/10.3102/0002831213507973},
    doi = {10.3102/0002831213507973},
    keywords = {engagement, high school, identity, instruction}
}

@misc{ELIZAWikipedia,
    title = {{ELIZA - Wikipedia}},
    url = {https://en.wikipedia.org/wiki/ELIZA}
}

@misc{HecklenAlexanderKielgastFindDR,
    title = {{Find dit eget gymnasium: S{\aa} stor er forskellen p{\aa} {\aa}rskarakterer og eksamen | Indland | DR}},
    author = {Hecklen, Alexander {\&} Kielgast, Nis},
    url = {https://www.dr.dk/nyheder/indland/find-dit-eget-gymnasium-saa-stor-er-forskellen-paa-aarskarakterer-og-eksamen}
}

@misc{2017FortsatUndervisningsministeriet,
    title = {{Fortsat stor s{\o}gning mod gymnasiet - Undervisningsministeriet}},
    year = {2017},
    booktitle = {Undervisningsministeriet},
    url = {https://uvm.dk/aktuelt/nyheder/uvm/udd/gym/2017/marts/170320-fortsat-stor-soegning-mod-gymnasiet}
}

@misc{GoogleGoogle,
    title = {{Google Assistent – Dit eget personlige Google}},
    url = {https://assistant.google.com/intl/da_dk/}
}

@misc{Rasmussen2019GymnasielrereGymnasieskolen,
    title = {{Gymnasiel{\ae}rere plaget af stress, angst og f{\o}lelsesm{\ae}ssige belastninger | Gymnasieskolen}},
    year = {2019},
    author = {Rasmussen, Johan},
    url = {https://gymnasieskolen.dk/gymnasielaerere-plaget-af-stress-angst-og-foelelsesmaessige-belastninger}
}

@misc{Romme-Mlby2018GymnasierGymnasieskolen,
    title = {{Gymnasier i hovedstaden propper ulovligt mange elever i klasserne | Gymnasieskolen}},
    year = {2018},
    booktitle = {Gymnasieskolen},
    author = {Romme-M{\o}lby, Malene},
    url = {https://gymnasieskolen.dk/gymnasier-i-hovedstaden-propper-ulovligt-mange-elever-i-klasserne}
}

@techreport{ScarpelloHelpingAnxiety,
    title = {{Helping Students Get Past Math Anxiety}},
    author = {Scarpello, Gary},
    url = {www.acteonline.org}
}

@misc{HelpingWithMath.com:Help,
    title = {{HelpingWithMath.com: Math Worksheets, Tables, Charts {\&}amp; Tutoring Help}},
    url = {https://www.helpingwithmath.com/}
}

@misc{FischerThomsenHerLorry,
    title = {{Her er regionens mest popul{\ae}re gymnasier | TV 2 Lorry}},
    author = {Fischer Thomsen, Mathilde},
    url = {https://www.tv2lorry.dk/artikel/her-er-regionens-mest-populaere-gymnasier}
}

@misc{2018HereLearning,
    title = {{Here Come the AI Teaching Bots - Legends of Learning}},
    year = {2018},
    booktitle = {Legends of Learning},
    url = {https://www.legendsoflearning.com/blog/here-come-the-ai-teaching-bots/}
}

@misc{HeinzTschabitscher2019HowWorks,
    title = {{How Base64 Encoding Works}},
    year = {2019},
    booktitle = {March 05},
    author = {{Heinz Tschabitscher}},
    pages = {1},
    url = {https://www.lifewire.com/base64-encoding-overview-1166412}
}

@article{GarfieldHowStatistics,
    title = {{How students learn statistics}},
    author = {Garfield, Joan},
    url = {https://www.jstor.org/stable/pdf/1403775.pdf}
}

@misc{2015IntroductionDocs,
    title = {{Introduction to the C{\#} Language and the .NET Framework | Microsoft Docs}},
    year = {2015},
    url = {https://docs.microsoft.com/en-us/dotnet/csharp/getting-started/introduction-to-the-csharp-language-and-the-net-framework?fbclid=IwAR2EKZIGIrOypCz7TD80IQrjfc08ihTbV9bGwHLjtgmsAKDPWcqLKmEDAhY}
}

@misc{IntroductionDocs,
    title = {{Introduction to WPF - Visual Studio | Microsoft Docs}},
    url = {https://docs.microsoft.com/en-us/visualstudio/designers/introduction-to-wpf?view=vs-2017}
}

@misc{2018KlasseloftetGymnasiet,
    title = {{Klasseloftet l{\o}fter eleverne i gymnasiet}},
    year = {2018},
    pages = {8},
    url = {https://www.gl.org/uddannelse/udd.politik/Sider/Klasseloftet-loefter-eleverne-i-gymnasiet.aspx}
}

@techreport{KlassestrrelsersGymnasiet,
    title = {{Klassest{\o}rrelsers betydning i gymnasiet}},
    url = {https://www.gl.org/uddannelse/udd.politik/Documents/Klassest%C3%B8rrelsers%20betydning%20i%20gymnasiet%20-%2021-02-2018.pdf?fbclid=IwAR2HKMKgkeRixp8ngN7vFPw-Ivn-WZM6_5G1tFWnOFQF8XA7f035PV7hQ5w}
}

@misc{AntoniLund2017KortUdfordring,
    title = {{Kort forberedelsestid er l{\ae}rernes st{\o}rste udfordring}},
    year = {2017},
    booktitle = {Uddannelsesforbundet},
    author = {Antoni Lund, Andreas},
    url = {https://www.uddannelsesforbundet.dk/nyheder/2017/august/kort-forberedelsestid-er-laerernes-stoerste-udfordring/}
}

@misc{LektiecafeerURK.dk,
    title = {{Lektiecaf{\'{e}}er | URK.dk}},
    booktitle = {Ungdommens R{\o}de Kors},
    url = {https://www.urk.dk/lektiecafeer}
}

@misc{MarkupDefinition,
    title = {{Markup Language Definition}},
    booktitle = {TechTerms},
    url = {https://techterms.com/definition/markup_language}
}

@misc{MatematikWebmatematik,
    title = {{Matematik C – Webmatematik}},
    url = {https://www.webmatematik.dk/lektioner/matematik-c?fbclid=IwAR218oESbeRXTtOD4rrviIIAG1JfGmepaN-Y5Po17Hdh2FluEX5i0haZHvA}
}

@techreport{2017Matematik-C-stx-august-2017,
    title = {{Matematik-C-stx-august-2017}},
    year = {2017},
    institution = {Undervisningsministeriet}
}

@article{Matematik-C-toaarigt-hf-august-2017,
    title = {{Matematik-C-toaarigt-hf-august-2017}}
}

@techreport{JessenMatematikudredningen,
    title = {{Matematikudredningen}},
    author = {Jessen, Britta},
    url = {https://www.ind.ku.dk/projekter/matematikudredning/Matematikudredningen2015endelig.pdf}
}

@article{BeilockSianMathIt,
    title = {{Math Anxiety: Can Teachers Help Students Reduce It?}},
    author = {{Beilock Sian} and {Willingham Daniel}},
    url = {https://files.eric.ed.gov/fulltext/EJ1043398.pdf}
}

@techreport{Ashcraft2002MathConsequences,
    title = {{Math anxiety: Personal, educational, and cognitive consequences}},
    year = {2002},
    booktitle = {Current directions in psychological science},
    author = {Ashcraft, M. H.},
    number = {5},
    pages = {181--185},
    volume = {11},
    url = {https://journals.sagepub.com/doi/pdf/10.1111/1467-8721.00196},
    isbn = {0963-7214},
    doi = {10.1111/1467-8721.00196},
    issn = {09637214}
}

@article{RomanMathImportance,
    title = {{Math Importance}},
    author = {Roman, Harry},
    url = {https://search.proquest.com/openview/a4bd96e39637e3882a723b568a5e45bb/1?pq-origsite=gscholar&cbl=182}
}

@misc{MathTeens,
    title = {{Math Problematic for U.S. Teens}},
    url = {https://news.gallup.com/poll/16360/Math-Problematic-US-Teens.aspx}
}

@misc{MathTeensb,
    title = {{Math Problematic for U.S. Teens}},
    url = {https://news.gallup.com/poll/16360/Math-Problematic-US-Teens.aspx}
}

@misc{MathBotBots,
    title = {{MathBot | Discord Bots}},
    url = {https://discordbots.org/bot/mathbot}
}

@misc{Messenger,
    title = {{Messenger}},
    url = {https://www.messenger.com/}
}

@misc{MiaoAcademy,
    title = {{Miao Chatbot (Beta) – Miao Academy}},
    url = {http://miaoacademy.org/miao-chatbot/}
}

@techreport{Warming2016MOOCsPERSPEKTIVER,
    title = {{MOOCs KVALITET OG PERSPEKTIVER}},
    year = {2016},
    author = {Warming, Rikke and Madsen, Ina Jacobine and Olsen, Julie Kolding and G{\o}nge, Kevin and Kladakis, Katrine},
    pages = {104},
    url = {https://akkr.dk/wp-content/filer/akkr/Danmarks-Akkrediteringsinstitution-web.pdf},
    institution = {Danmarks Akkrediteringsinstitution}
}

@misc{NelsonNaturalTechnologies,
    title = {{Natural Language Processing (NLP) Techniques for Extracting Information | Search Technologies}},
    author = {Nelson, Paul},
    url = {https://www.searchtechnologies.com/blog/natural-language-processing-techniques}
}

@misc{Rasmussen2018NyGymnasieskolen,
    title = {{Ny unders{\o}gelse: Klassest{\o}rrelsen er afg{\o}rende for kvaliteten | Gymnasieskolen}},
    year = {2018},
    author = {Rasmussen, Johan},
    url = {https://gymnasieskolen.dk/ny-undersoegelse-klassestoerrelsen-er-afgoerende-kvaliteten}
}

@book{Warth2007OMeta:,
    title = {{OMeta: an Object-Oriented Language for Pattern Matching *}},
    year = {2007},
    author = {Warth, Alessandro and Piumarta, Ian},
    pages = {9},
    url = {http://piumarta.com/pepsi/coke.html},
    isbn = {9781595938688}
}

@misc{2018OmfattendeLrere,
    title = {{Omfattende mangel p{\aa} l{\ae}rere i hele landet - Danmarks L{\ae}rerforening :: Fagforening for l{\ae}rere}},
    year = {2018},
    booktitle = {DLF},
    url = {https://www.dlf.org/nyheder/2018/januar/omfattende-mangel-paa-laerere-i-hele-landet}
}

@book{Holgaard2014PBL-ProblembaseretUddannelser,
    title = {{PBL-Problembaseret laering og projektarbejde ved de videreg{\aa}ende uddannelser}},
    year = {2014},
    author = {Holgaard, Jette Egelund and Ryberg, Thomas and Stegeager, Nikolaj and Stentoft, Diana and Thomassen, Anja Overgaard},
    url = {www.samfundslitteratur.dk},
    isbn = {9788759318782}
}

@misc{MinistryofHigherEducationandScience2018PrinciplesForskningsministeriet,
    title = {{Principles for education in Denmark — Uddannelses- og Forskningsministeriet}},
    year = {2018},
    booktitle = {Ministry of Higher Education and Science},
    author = {{Ministry of Higher Education and Science}},
    url = {https://ufm.dk/en/education/the-danish-education-system/principles-for-education-in-denmark}
}

@techreport{Hodara2011ReformingSERIES,
    title = {{Reforming Mathematics Classroom Pedagogy: Evidence-Based Findings and Recommendations for the Developmental Math Classroom A WORKING PAPER IN THE CCRC ASSESSMENT OF EVIDENCE SERIES}},
    year = {2011},
    author = {Hodara, Michelle},
    url = {http://ccrc.tc.columbia.edu}
}

@misc{RegeringenUndervisningsministeriet,
    title = {{Regeringen vil reformere ungdomsuddannelsernes taxametersystem - Undervisningsministeriet}},
    url = {https://uvm.dk/aktuelt/nyheder/uvm/2018/dec/181218-regeringen-vil-reformere-ungdomsuddannelsernes-taxametersystem}
}

@misc{SiriApple,
    title = {{Siri - Apple}},
    url = {https://www.apple.com/siri/}
}

@misc{SofiaProject,
    title = {{Sofia AI Project}},
    url = {http://www.math.harvard.edu/~knill/sofia/index.html}
}

@misc{SQLConstraints,
    title = {{SQL Constraints}},
    url = {https://www.tutorialspoint.com/sql/sql-constraints.htm}
}

@misc{SQLConstraint,
    title = {{SQL PRIMARY KEY Constraint}},
    url = {https://www.w3schools.com/sql/sql_primarykey.asp}
}

@misc{StatisticalBaccalaureate,
    title = {{Statistical bulletins - International Baccalaureate{\textregistered}}},
    url = {https://www.ibo.org/about-the-ib/facts-and-figures/statistical-bulletins/}
}

@misc{Friedman2018Study:News,
    title = {{Study: More Students Are Enrolling in Online Courses | Online Colleges | US News}},
    year = {2018},
    author = {Friedman, Jordan},
    url = {https://www.usnews.com/higher-education/online-education/articles/2018-01-11/study-more-students-are-enrolling-in-online-courses}
}

@misc{StxUndervisningsministeriet,
    title = {{Stx - l{\ae}replaner 2017 - Undervisningsministeriet}},
    url = {https://uvm.dk/gymnasiale-uddannelser/fag-og-laereplaner/laereplaner-2017/stx-laereplaner-2017}
}

@misc{SubjectsEducation,
    title = {{Subjects {\&}amp; Curriculum - Ministry of Education}},
    url = {http://eng.uvm.dk/primary-and-lower-secondary-education/the-folkeskole/subjects-and-curriculum}
}

@techreport{Clarke2009Tasks123,
    title = {{Tasks in Primary Mathematics Teacher Education 123}},
    year = {2009},
    author = {Clarke, Barbara and Grevholm, Barbro and Millman, Richard},
    pages = {311},
    url = {https://link.springer.com/content/pdf/10.1007%2F978-0-387-09669-8.pdf}
}

@misc{Gibori2012TheStudents,
    title = {{The Adverse Effects of Larger Classrooms on Today's Students}},
    year = {2012},
    author = {Gibori, Carrie},
    url = {http://www.chicagoacademic.com/bid/222991/The-Adverse-Effects-of-Larger-Classrooms-on-Today-s-Students}
}

@article{TurnerTheStudy,
    title = {{The Classroom Environment and Students’ Reports of AvoidanceStrategies in Mathematics: A Multimethod Study}},
    author = {Turner, J and Meyer, D and Anderman, E and Midgley, C and Gheen, M and Kang, Y},
    url = {https://psycnet.apa.org/fulltext/2002-02073-009.pdf}
}

@article{Morgan2015ThePupils,
    title = {{The Clearing House: A Journal of Educational Strategies, Issues and Ideas Online Instruction and Virtual Schools for Middle and High School Students: Twenty-First-Century Fads or Progressive Teaching Methods for Today's Pupils?}},
    year = {2015},
    author = {Morgan, Hani},
    url = {https://www-tandfonline-com.zorac.aub.aau.dk/doi/pdf/10.1080/00098655.2015.1007909?needAccess=true},
    doi = {10.1080/00098655.2015.1007909}
}

@techreport{Baccalaureate2018TheSession,
    title = {{The IB Diploma Programme Statistical Bulletin, May 2018 Examination Session}},
    year = {2018},
    author = {Baccalaureate, International},
    url = {https://www.ibo.org/contentassets/bc850970f4e54b87828f83c7976a4db6/dp-statistical-bulletin-may-2018-en.pdf}
}

@techreport{Hembree1990THEANXIETY,
    title = {{THE NATURE, EFFECTS, AND RELIEF OF MATHEMATICS ANXIETY}},
    year = {1990},
    booktitle = {Journal for Research in Mathematics Education},
    author = {Hembree, Ray and College, Adrian},
    number = {1},
    pages = {33--46},
    volume = {21},
    url = {https://www.jstor.org/stable/749455}
}

@misc{Tjek2,
    title = {{Tjek selv: Hvor langt r{\ae}kker dit karaktergennemsnit? - TV 2}},
    url = {http://nyheder.tv2.dk/samfund/2016-07-30-tjek-selv-hvor-langt-raekker-dit-karaktergennemsnit}
}

@misc{MayaS2017TopNewlands,
    title = {{Top 10 Features Your Chatbot Must Have | Murray Newlands}},
    year = {2017},
    author = {{Maya S}},
    url = {https://murraynewlands.com/2017/11/top-10-features-your-chatbot-must-have/}
}

@misc{TypesDisabilities,
    title = {{Types of Learning Disabilities}},
    url = {https://ldaamerica.org/types-of-learning-disabilities/}
}

@techreport{Laererforening2014Undersgelse1hf,
    title = {{Unders{\o}gelse af klassest{\o}rrelser i de gymnasiale uddannelser 2013-for 1g (stx, hhx og htx) samt 1hf}},
    year = {2014},
    author = {Laererforening, Gymnasieskolernes},
    url = {https://www.gl.org/uddannelse/institutioner/klassestr/Documents/GL%27s%20unders%C3%B8gelse%20af%20klassest%C3%B8rrelser%202013.pdf?fbclid=IwAR2___up-EgP35354wBVClhyHShIeYQ5pKVO1cftqeA5Zs9EzvVl5QTOOk4}
}

@techreport{Cevea2013UtilsigtedeLsninger,
    title = {{Utilsigtede konsekvenser af taxameterstyringen p{\aa} ungdomsuddannelserne Problemer og mulige l{\o}sninger}},
    year = {2013},
    author = {Cevea, Taenketanken},
    url = {https://cevea.dk/filer/old/materialer/analyser/utilsigtede_konsekvenser_af_taxameterstyringen_paa_ungdomsuddannelserne_-_problemer_og_mulige_loesninger.pdf?fbclid=IwAR1COOSSxWThXY1Y4OPP_D1p1jjsiMoGYHoganph3WjKCXlrCqDO3aLvbxo}
}

@misc{Vikar,
    title = {{Vikar}},
    url = {https://www.gl.org/loenogans/Nygymnasielaerer/Sider/Vikar.aspx}
}

@misc{OlgaVeretskaya2017WhatAnadea,
    title = {{What is a Chatbot and How to Use It for Your Business - Anadea}},
    year = {2017},
    booktitle = {Anadea.info},
    author = {{Olga Veretskaya}},
    url = {https://anadea.info/blog/what-is-a-chatbot-and-how-to-use-it-for-business}
}

@misc{HomWhatMathematics,
    title = {{What is Mathematics?}},
    author = {Hom, Elaine J},
    url = {https://www.livescience.com/38936-mathematics.html}
}

@misc{WhatBaccalaureate,
    title = {{What is the Diploma Programme? | International Baccalaureate{\textregistered} - International Baccalaureate{\textregistered}}},
    url = {https://www.ibo.org/programmes/diploma-programme/what-is-the-dp/}
}

@misc{WalterGlenn2017WhatPC,
    title = {{What Is the Microsoft .NET Framework, and Why Is It Installed on My PC?}},
    year = {2017},
    author = {{Walter Glenn}},
    url = {https://www.howtogeek.com/253588/what-is-the-microsoft-net-framework-and-why-is-it-installed-on-my-pc/?fbclid=IwAR1QT9skqMjRbue3lSj9khk5cIVi8cC4G6SkUnbYjkNtAM2YcVxuIGeJdHo}
}

@misc{ArminaMkhitaryan2017WhyWorld,
    title = {{Why Is C{\#} Among The Most Popular Programming Languages in The World?}},
    year = {2017},
    author = {{Armina Mkhitaryan}},
    url = {https://medium.com/sololearn/why-is-c-among-the-most-popular-programming-languages-in-the-world-ccf26824ffcb?fbclid=IwAR0OeiMpivA4ROXs9LSfRx6J5URZnkN7AU9P_RrYmCUJlxRvGvR7F6syT-Y}
}

@misc{WPFOverview,
    title = {{WPF Overview}},
    url = {https://www.tutorialspoint.com/wpf/wpf_overview.htm}
}